@BOOK{Goldstein2005-jd,
  title    = "Meccanica classica",
  author   = "Goldstein, Herbert and Poole, Charles and Safko, John",
  year     =  2005,
  language = "it"
}

@BOOK{Presilla2013-uz,
  title     = "Elementi Di Analisi Complessa",
  author    = "Presilla, Carlo",
  publisher = "Springer",
  series    = "Unitext / La Matematica Per Il 3+2",
  edition   =  2,
  month     =  oct,
  year      =  2013,
  address   = "Milan, Italy",
  language  = "it"
}

@BOOK{Di_Fazio2013-vk,
  title    = "Analisi matematica Uno",
  author   = "Di Fazio, Giuseppe and Zamboni, Pietro",
  year     =  2013,
  language = "it",
  pages    = "60-65"
}

@BOOK{Focardi2014-wy,
  title    = "Fisica generale. Meccanica e termodinamica",
  author   = "Focardi, Sergio and Massa, Ignazio Giacomo and Uguzzoni, Arnaldo and Villa, Mauro",
  month    =  jan,
  year     =  2014,
  language = "it"
}

